% Literature here

@Article{nhess-19-169-2019,
author = {Freire, J. G. and DaCamara, C. C.},
title = {Using cellular automata to simulate wildfire propagation and to assist in fire management},
journal = {Natural Hazards and Earth System Sciences},
volume = {19},
year = {2019},
number = {1},
pages = {169--179},
url = {https://www.nat-hazards-earth-syst-sci.net/19/169/2019/},
doi = {10.5194/nhess-19-169-2019}}

@book{press2008cambridge,
title={Cambridge Advanced Learner's Dictionary},
author={Press, C. U.},
isbn={9780521674683},
lccn={2008279099},
url={https://books.google.co.uk/books?id=Rqg0RTroDK8C},
year={2008},
publisher={Cambridge University Press}}

@book{10.5555/1102050,
author = {Moore, Edward F.},
title = {Sequential Machines: Selected Papers},
year = {1964},
isbn = {B0000CMBI0},
publisher = {Addison-Wesley Longman Ltd.},
address = {GBR}}

@article{inproceedings,
author = {Trunfio, Giuseppe},
year = {2004},
month = {10},
pages = {385-394},
title = {Predicting Wildfire Spreading Through a Hexagonal Cellular Automata Model},
journal = {Proceedings of ACRI 2004},
doi = {10.1007/978-3-540-30479-1_40}
}

@book{rothermel1972mathematical,
  title={A Mathematical Model for Predicting Fire Spread in Wildland Fuels},
  author={Rothermel, R. C.},
  series={USDA Forest Service research paper INT},
  url={https://books.google.co.uk/books?id=AfyMv5NBSjoC},
  year={1972},
  publisher={Intermountain Forest \& Range Experiment Station, Forest Service, U.S. Department of Agriculture}
}


@book{wolfram1986theory,
  title={Theory and Applications of Cellular Automata: Including Selected Papers, 1983-1986},
  author={Wolfram, S.},
  isbn={9789971501235},
  lccn={86015782},
  series={Advanced series on complex systems},
  url={https://books.google.co.uk/books?id=llBjQgAACAAJ},
  year={1986},
  publisher={World Scientific}
}

@ARTICLE{1997PhRvE..56.6557M,
       author = {{M{\'e}ndez}, Vicen{\c{c}} and {Llebot}, Josep E.},
        title = "{Hyperbolic reaction-diffusion equations for a forest fire model}",
      journal = {Physical Review E},
         year = 1997,
        month = dec,
       volume = {56},
       number = {6},
        pages = {6557-6563},
          doi = {10.1103/PhysRevE.56.6557},
       adsurl = {https://ui.adsabs.harvard.edu/abs/1997PhRvE..56.6557M},
      adsnote = {Provided by the SAO/NASA Astrophysics Data System}
}

@article{article,
author = {Pastor, Elsa and Zarate, Luis and Planas, Eulalia and Arnaldos, Josep},
year = {2003},
month = {12},
pages = {139-153},
title = {Mathematical models and calculation systems for the study of wildland fire behaviour},
volume = {29},
journal = {Progress in Energy and Combustion Science},
doi = {10.1016/S0360-1285(03)00017-0}
}

@Book{ trove.nla.gov.au/work/21914760,
title = { Fire behaviour in eucalypt forests },
author = { McArthur, A. G. (Alan Grant) and Australia. Forestry and Timber Bureau and McArthur, A.G },
publisher = { Canberra : Forestry and Timber Bureau },
year = { 1967 },
type = { Book; Book/Illustrated },
subjects = { Forest fires -- Australia; Eucalyptus; Australian },
language = { English },
note = { "Paper submitted to the Ninth Commonwealth Forestry Conference, India, 1968." },
catalogue-url = { https://trove.nla.gov.au/work/21914760 }
}

@article{nobel_1980,
author = {Noble, I. R. and Gill, A. M. and Bary, G. A. V.},
title = {McArthur's fire-danger meters expressed as equations},
journal = {Australian Journal of Ecology},
volume = {5},
number = {2},
pages = {201-203},
doi = {10.1111/j.1442-9993.1980.tb01243.x},
url = {https://onlinelibrary.wiley.com/doi/abs/10.1111/j.1442-9993.1980.tb01243.x},
eprint = {https://onlinelibrary.wiley.com/doi/pdf/10.1111/j.1442-9993.1980.tb01243.x},
year = {1980}}

@article{Aleksandridis_2008,
title = {A cellular automata model for forest fire spread prediction: The case of the wildfire that swept through {Spetses Island} in 1990},
journal = {Applied Mathematics and Computation},
volume = {204},
number = {1},
pages = {191 - 201},
year = {2008},
issn = {0096-3003},
doi = {https://doi.org/10.1016/j.amc.2008.06.046},
url = {http://www.sciencedirect.com/science/article/pii/S0096300308004943},
author = {A. Alexandridis and D. Vakalis and C.I. Siettos and G.V. Bafas}}

@article{Weise_1998,
author = {Weise, David and Biging, Gregory},
year = {1996},
month = {10},
pages = {1849-1858},
title = {Effects of wind velocity and slope on flame properties},
volume = {26},
journal = {Canadian Journal of Forest Research-revue Canadienne De Recherche Forestiere - CAN J FOREST RES},
doi = {10.1139/x26-210}
}

@book{Wolfram_2002,
author = {Wolfram, Stephen},
publisher = {Wolfram Media Inc; First Edition},
year = {2002},
month = {Aug},
pages = {},
title = {A New Kind of Science},
isbn = {1579550088}
}

@article{Quartieri_2010,
author = {Quartieri, J. and Mastorakis, Nikos and Iannone, Gerardo and Guarnaccia, Claudio},
year = {2010},
month = {Jul.},
title = {A Cellular Automata Model for Fire Spreading Prediction},
journal = {International Conference on Urban Planning and Transportation - Proceedings}}

@article{Hernandez_2007,
author = {Encinas, Ascensión and Hernandez Encinas, Luis and White, S. and Rey, Ángel and Sánchez, Gerardo},
year = {2007},
month = {06},
pages = {372-378},
title = {Simulation of forest fire fronts using cellular automata},
volume = {38},
journal = {Advances in Engineering Software},
doi = {10.1016/j.advengsoft.2006.09.002}}

@article{Yassemi_2008,
author = {Yassemi, S. and Dragicevic, Suzana and Schmidt, Margaret},
year = {2008},
month = {01},
pages = {71-84},
title = {Design and Implementation of an Integrated GIS-Based Cellular Automata Model to Characterize Forest Fire Behaviour},
volume = {210},
journal = {Ecological Modelling},
doi = {10.1016/j.ecolmodel.2007.07.020}}

@article{Almeida_2011,
doi = {10.1088/1742-6596/285/1/012038},
year = 2011,
month = {mar},
publisher = {{IOP} Publishing},
volume = {285},
pages = {012038},
author = {Rodolfo Maduro Almeida and Elbert E N Macau},
title = {Stochastic cellular automata model for wildland fire spread dynamics},
journal = {Journal of Physics: Conference Series},}

@article{Collin_2011,
author = { A.   Collin  and  D.   Bernardin  and  O.   Séro-Guillaume },
title = {A Physical-Based Cellular Automaton Model for Forest-Fire Propagation},
journal = {Combustion Science and Technology},
volume = {183},
number = {4},
pages = {347-369},
year  = {2011},
publisher = {Taylor & Francis},
doi = {10.1080/00102202.2010.508476},
URL = {https://doi.org/10.1080/00102202.2010.508476},
eprint = {https://doi.org/10.1080/00102202.2010.508476}}

@article{Gu_2012,
author = {Gu, Pingping and Zheng, Yuhui},
journal = {2012 Fifth International Conference on Intelligent Computation Technology and Automation},
doi = {10.1109/ICICTA.2012.16},
title = {A New Data Mining Model for Forest-Fire Cellular Automata}}

@inbook {101917,
title = {ForeFire: open-source code for wildland fire spread models},
booktitle = {ForeFire: open-source code for wildland fire spread models},
year = {2014},
month = {2014},
pages = {275-282},
publisher = {Imprensa da Universidade de Coimbra},
organization = {Imprensa da Universidade de Coimbra},
address = {Coimbra},
isbn = {978-989-26-0884-6 (PDF)},
doi = {http://dx.doi.org/10.14195/978-989-26-0884-6_29},
url = {https://digitalis.uc.pt/handle/10316.2/34084},
author = {Filippi, Jean-Baptiste and Bosseur, Fr{\'e}d{\'e}ric and Grandi, Damien}}

@article{Iudin_2015,
title = "Infinity computations in cellular automaton forest-fire model",
journal = "Communications in Nonlinear Science and Numerical Simulation",
volume = "20",
number = "3",
pages = "861 - 870",
year = "2015",
issn = "1007-5704",
doi = "https://doi.org/10.1016/j.cnsns.2014.06.031",
url = "http://www.sciencedirect.com/science/article/pii/S1007570414002949",
author = "D.I. Iudin and Ya.D. Sergeyev and M. Hayakawa"}

@book{CA_book,
author = {El Yacoubi, Samira and Wąs, Jarosław and Bandini, Stefania},
year = {2016},
month = {09},
pages = {},
title = {cellular Automata - 12th International Conference on Cellular Automata for Research and Industry, ACRI 2016, Fez, Morocco, September 5-8, 2016.},
volume = {9863},
isbn = {978-3-319-44364-5},
doi = {10.1007/978-3-319-44365-2}}

@article{Jellouli_2016,
author = {Jellouli, Omar and Bernoussi, abdes samed and Maatouk, Mustapha and Amharref, Mina},
year = {2016},
month = {07},
pages = {493-507},
title = {Forest fire modelling using cellular automata: application to the watershed Oued Laou (Morocco)},
volume = {22},
journal = {Mathematical and Computer Modelling of Dynamical Systems},
doi = {10.1080/13873954.2016.1204321}
}

@article{Xuehua_2016,
author = {Xuehua, Wang and Chang, Liu and Jiaqi, Liu and Qin, Xuezhi and Ning, Wang and Zhou, Wenjun},
year = {2016},
month = {12},
pages = {1-6},
title = {A cellular automata model for forest fire spreading simulation},
journal = {2016 IEEE Symposium Series on Computational Intelligence (SSCI)},
doi = {10.1109/SSCI.2016.7849971}
}

@article{Giannino_2016,
author = {Giannino,Francesco  and Russo,Lucia  and Ascoli,Davide  and Migliozzi,Antonello  and Siettos,Constantinos I. and Mazzoleni,Stefano},
title = {Cellular automata simulation of forest fire behavior on Italian landscape: The case of Sardinia},
journal = {AIP Conference Proceedings},
volume = {1906},
number = {1},
pages = {100006},
year = {2017},
doi = {10.1063/1.5012376},
URL = {https://aip.scitation.org/doi/abs/10.1063/1.5012376},
eprint = {https://aip.scitation.org/doi/pdf/10.1063/1.5012376}}

@article{Rui_2017,
author = {Rui, Xiaoping and Hui, Shan and yu, Xuetao and Zhang, Guangyuan and Wu, Bin},
year = {2017},
month = {11},
pages = {1-11},
title = {Forest fire spread simulation algorithm based on cellular automata},
volume = {91},
journal = {Natural Hazards},
doi = {10.1007/s11069-017-3127-5}
}

@article{Czerniak_2018,
author = {Czerniak, Jacek and Zarzycki, Hubert and Apiecionek, Lukasz and Palczewski, Wiesław and Kardasz, Piotr},
year = {2018},
month = {02},
pages = {1-12},
title = {A Cellular Automata-Based Simulation Tool for Real Fire Accident Prevention},
volume = {2018},
journal = {Mathematical Problems in Engineering},
doi = {10.1155/2018/3058241}
}

@article{Denham_2018,
title = "Using efficient parallelization in Graphic Processing Units to parameterize stochastic fire propagation models",
journal = "Journal of Computational Science",
volume = "25",
pages = "76 - 88",
year = "2018",
issn = "1877-7503",
doi = "https://doi.org/10.1016/j.jocs.2018.02.007",
url = "http://www.sciencedirect.com/science/article/pii/S1877750317308773",
author = "Mónica Denham and Karina Laneri"
}

@Article{Freire_2019,
AUTHOR = {Freire, J. G. and DaCamara, C. C.},
TITLE = {Using cellular automata to simulate wildfire propagation and to assist in fire management},
JOURNAL = {Natural Hazards and Earth System Sciences},
VOLUME = {19},
YEAR = {2019},
NUMBER = {1},
PAGES = {169--179},
URL = {https://www.nat-hazards-earth-syst-sci.net/19/169/2019/},
DOI = {10.5194/nhess-19-169-2019}
}

@misc{RoyalCommission,
title = {{2009 Victorian Bushfires Royal Commission}},
author = {{Parliament of Victoria}},
isbn = {978-0-9807408-1-3},
year = {2010},
month = {July},
howpublished = {\url{http://royalcommission.vic.gov.au/Commission-Reports/Final-Report.html}},
note = {Accessed 22 Feb. 2020}
}

@misc{Geodata, 
title = {{Geoscience Australia topographical data}},
author = {{Australian Government}},
howpublished = {\url{https://ecat.ga.gov.au/geonetwork/srv/eng/catalog.search#/home}},
note = {Accessed Feb 2020}
}

@misc{NASA, author={{NASA Image by Jesse Allen}},
note={Data provided courtesy of NASA/GSFC/METI/ERSDAC/JAROS, and U.S./Japan ASTER Science Team. Accessed 02/03/2020},
howpublished={\url{https://earthobservatory.nasa.gov/images/37048/bushfires-around-marysville-victoria}}}

@article{J_Handmer,
title = "The risk of dying in bushfires: A comparative analysis of fatalities and survivors",
journal = "Progress in Disaster Science",
volume = "1",
pages = "100015",
year = "2019",
issn = "2590-0617",
doi = "https://doi.org/10.1016/j.pdisas.2019.100015",
url = "http://www.sciencedirect.com/science/article/pii/S2590061719300158",
author = "John Handmer and Martijn Van der Merwe and Saffron O'Neill",}

@Article{JTAba_APWil,
AUTHOR = {J. T. Abatzogloua and A. P. Williams},
TITLE = {Impact of anthropogenic climate change on wildfire across western {US} forests},
JOURNAL = {National Academy of Sciences},
VOLUME = {113},
YEAR = {2016},
NUMBER = {42},
PAGES = {11770--11775},
DOI = {10.1073.pnas.1607171113}
}

@Article{CA_1,
AUTHOR = {F. Weifeng and Y. Lizhong and F. Weicheng},
TITLE = {Simulation of bi-direction pedestrian movement using a cellular automata model},
JOURNAL = {Physica A: Statistical Mechanics and its Applications},
VOLUME = {321},
YEAR = {2003},
NUMBER = {3-4},
PAGES = {633--640},
}

@Article{CA_2,
AUTHOR = {Chunyang He and Norio Okada and Qiaofeng Zhang and Peijun Shi and Jingshui Zhang},
TITLE = {Modeling urban expansion scenarios by coupling cellular automata model and system dynamic model in {Beijing, China}},
JOURNAL = {Applied Geography},
VOLUME = {26},
YEAR = {2006},
NUMBER = {3-4},
PAGES = {323--345},
}

@Article{CA-fire_2,
AUTHOR = {A.Dunne and G.Milne},
TITLE = {Modelling Wildfire Dynamics via Interacting Automata},
JOURNAL = {Lecture Notes in Computer Science},
VOLUME = {3305},
YEAR = {2004},
PAGES = {395--404},
DOI = {https://doi.org/10.1007/978-3-540-30479-1_41}
}